<?xml version="1.0" encoding="UTF-8"?><record xmlns="http://www.loc.gov/MARC21/slim" xmlns:cinclude="http://apache.org/cocoon/include/1.0" xmlns:zs="http://www.loc.gov/zing/srw/">
  <leader>00340cz  a2200121n  4500</leader>
  <controlfield tag="001">n  93119710 </controlfield>
  <controlfield tag="003">DLC</controlfield>
  <controlfield tag="005">19931209143426.9</controlfield>
  <controlfield tag="008">931209n| acannaab|          |n aaa |||  </controlfield>
  <datafield tag="010" ind1=" " ind2=" ">
    <subfield code="a">n  93119710 </subfield>
  </datafield>
  <datafield tag="040" ind1=" " ind2=" ">
    <subfield code="a">DLC</subfield>
    <subfield code="c">DLC</subfield>
    <subfield code="d">DLC</subfield>
  </datafield>
  <datafield tag="100" ind1="1" ind2="0">
    <subfield code="a">Rabbie, Edwin,</subfield>
    <subfield code="d">1957-</subfield>
  </datafield>
  <datafield tag="670" ind1=" " ind2=" ">
    <subfield code="a">Hugo Grotius, theologian, 1994:</subfield>
    <subfield code="b">CIP t.p. (Edwin Rabbie) data sheet (b. 1957)</subfield>
  </datafield>
</record>